@online{brseason,
    author    = "Basketball-Reference",
    title     = "NBA Stats",
    url       = "http://www.basketball-reference.com/leagues/NBA_2014_per_game.html"
}
@online{brplayers,
    author    = "Basketball-Reference",
    title     = "NBA \& ABA Player Directory",
    url       = "http://www.basketball-reference.com/players/"
}
@online{wikipedia,
    author    = "Wikipedia",
    title     = "List of NBA Season Transactions",
    url       = "http://en.wikipedia.org/wiki/List_of_2012-13_NBA_season_transactions#Signed_from_free_agency"
}
